# $Id: references.bib 1789 2010-09-28 16:30:23Z jabriffa $

# This file contains bibliography entries in BibTeX format. Examples are
# provided of the more common entry types.

@Book{lesk,
 author = {Lesk, Arthur},
 title = {Introduction to bioinformatics},
 publisher = {Oxford University Press},
 year = {2018},
 address = {Oxford New York},
 isbn = {0199208042}
 }
@incollection{Boyle,
  doi = {10.1016/b978-0-08-100736-5.00003-x},
  url = {https://doi.org/10.1016/b978-0-08-100736-5.00003-x},
  year = {2018},
  publisher = {Elsevier},
  pages = {51--86},
  author = {Aimee L. Boyle},
  title = {Applications of de novo designed peptides},
  booktitle = {Peptide Applications in Biomedicine,  Biotechnology and Bioengineering}
}

@article{Yang,
  doi = {10.1080/07391102.2012.748536},
  url = {https://doi.org/10.1080/07391102.2012.748536},
  year = {2013},
  month = sep,
  publisher = {Informa {UK} Limited},
  volume = {31},
  number = {9},
  pages = {982--992},
  author = {Li-Quan Yang and Xing-Lai Ji and Shu-Qun Liu},
  title = {The free energy landscape of protein folding and dynamics: a global view},
  journal = {Journal of Biomolecular Structure and Dynamics}
}

@article{Anfinsen,
  doi = {10.1042/bj1280737},
  url = {https://doi.org/10.1042/bj1280737},
  year = {1972},
  month = jul,
  publisher = {Portland Press Ltd.},
  volume = {128},
  number = {4},
  pages = {737--749},
  author = {C B Anfinsen},
  title = {The formation and stabilization of protein structure},
  journal = {Biochemical Journal}
}

@Book{jaffe,
 author = {Jaffe, Robert},
 title = {The physics of energy},
 publisher = {Cambridge University Press},
 year = {2018},
 address = {Cambridge, United Kingdom New York, NY},
 isbn = {978-1107016651}
 }

 @article{Yue,
  doi = {10.1103/physreve.48.2267},
  url = {https://doi.org/10.1103/physreve.48.2267},
  year = {1993},
  month = sep,
  publisher = {American Physical Society ({APS})},
  volume = {48},
  number = {3},
  pages = {2267--2278},
  author = {Kaizhi Yue and Ken A. Dill},
  title = {Sequence-structure relationships in proteins and copolymers},
  journal = {Physical Review E}
}

@article{Malhotra,
  doi = {10.1002/pro.3015},
  url = {https://doi.org/10.1002/pro.3015},
  year = {2016},
  month = sep,
  publisher = {Wiley},
  volume = {25},
  number = {11},
  pages = {1924--1941},
  author = {Pooja Malhotra and Jayant B. Udgaonkar},
  title = {How cooperative are protein folding and unfolding transitions?},
  journal = {Protein Science}
}

 @incollection{Ngo,
  doi = {10.1007/978-1-4684-6831-1_14},
  url = {https://doi.org/10.1007/978-1-4684-6831-1_14},
  year = {1994},
  publisher = {Birkh\"{a}user Boston},
  pages = {433--506},
  author = {J. Thomas Ngo and Joe Marks and Martin Karplus},
  title = {Computational Complexity,  Protein Structure Prediction,  and the Levinthal Paradox},
  booktitle = {The Protein Folding Problem and Tertiary Structure Prediction}
}

@article{Chayen,
  doi = {10.1016/j.pbiomolbio.2004.07.007},
  url = {https://doi.org/10.1016/j.pbiomolbio.2004.07.007},
  year = {2005},
  month = jul,
  publisher = {Elsevier {BV}},
  volume = {88},
  number = {3},
  pages = {329--337},
  author = {N Chayen},
  title = {Methods for separating nucleation and growth in protein crystallisation},
  journal = {Progress in Biophysics and Molecular Biology}
}


@Book{alberts,
 author = {Alberts, Bruce},
 title = {Molecular biology of the cell},
 publisher = {Garland Science},
 year = {2002},
 address = {New York},
 isbn = {0-8153-3218-1}
 }

 @article{delucrezia,
  doi = {10.1371/journal.pone.0036634},
  url = {https://doi.org/10.1371/journal.pone.0036634},
  year = {2012},
  month = may,
  publisher = {Public Library of Science ({PLoS})},
  volume = {7},
  number = {5},
  pages = {e36634},
  author = {Davide De Lucrezia and Debora Slanzi and Irene Poli and Fabio Polticelli and Giovanni Minervini},
  editor = {Ricard V. Sol{\'{e}}},
  title = {Do Natural Proteins Differ from Random Sequences Polypeptides? Natural vs. Random Proteins Classification Using an Evolutionary Neural Network},
  journal = {{PLoS} {ONE}}
}

@article{Tsygvintsev,
  doi = {10.1101/687558},
  url = {https://doi.org/10.1101/687558},
  year = {2019},
  month = jul,
  publisher = {Cold Spring Harbor Laboratory},
  author = {Alexei Tsygvintsev},
  title = {Natural versus Random Proteins: Nouvel Neural Network Approach Based on Time Series Analysis}
}

@article{weiss,
  doi = {10.1006/jtbi.2000.2138},
  url = {https://doi.org/10.1006/jtbi.2000.2138},
  year = {2000},
  month = oct,
  publisher = {Elsevier {BV}},
  volume = {206},
  number = {3},
  pages = {379--386},
  author = {Olaf Weiss and Miguel A Jim{\'{e}}nez-Monta{\~{n}}o and Hanspeter Herzel},
  title = {Information Content of Protein Sequences},
  journal = {Journal of Theoretical Biology}
}

@Book{kittel,
 author = {Kittel, Charles},
 title = {Introduction to solid state physics},
 publisher = {Wiley},
 year = {2005},
 address = {Hoboken, NJ},
 isbn = {978-0-471-41526-8}
 }

 @article{Hoque,
  doi = {10.1089/cmb.2008.0082},
  url = {https://doi.org/10.1089/cmb.2008.0082},
  year = {2009},
  month = jan,
  publisher = {Mary Ann Liebert Inc},
  volume = {16},
  number = {1},
  pages = {85--103},
  author = {Tamjidul Hoque and Madhu Chetty and Abdul Sattar},
  title = {Extended {HP} Model for Protein Structure Prediction},
  journal = {Journal of Computational Biology}
}
@article{Dill,
  doi = {10.1002/pro.5560040401},
  url = {https://doi.org/10.1002/pro.5560040401},
  year = {2008},
  month = dec,
  publisher = {Wiley},
  volume = {4},
  number = {4},
  pages = {561--602},
  author = {Ken A. Dill and Sarina Bromberg and Kaizhi Yue and Hue Sun Chan and Klaus M. Ftebig and David P. Yee and Paul D. Thomas},
  title = {Principles of protein folding - A perspective from simple exact models},
  journal = {Protein Science}
}

@article{Lau1989,
  doi = {10.1021/ma00200a030},
  url = {https://doi.org/10.1021/ma00200a030},
  year = {1989},
  month = oct,
  publisher = {American Chemical Society ({ACS})},
  volume = {22},
  number = {10},
  pages = {3986--3997},
  author = {Kit Fun Lau and Ken A. Dill},
  title = {A lattice statistical mechanics model of the conformational and sequence spaces of proteins},
  journal = {Macromolecules}
}

@inproceedings{BornbergBauer1997,
  doi = {10.1145/267521.267528},
  url = {https://doi.org/10.1145/267521.267528},
  year = {1997},
  publisher = {{ACM} Press},
  author = {Erich Bornberg-Bauer},
  title = {Chain growth algorithms for {HP}-type lattice proteins},
  booktitle = {Proceedings of the first annual international conference on Computational molecular biology}
}

@article{Crippen1991,
  doi = {10.1021/bi00231a018},
  url = {https://doi.org/10.1021/bi00231a018},
  year = {1991},
  month = apr,
  publisher = {American Chemical Society ({ACS})},
  volume = {30},
  number = {17},
  pages = {4232--4237},
  author = {Gordon M. Crippen},
  title = {Prediction of protein folding from amino acid sequence over discrete conformation spaces},
  journal = {Biochemistry}
}

@Book{sutton2018reinforcement,
 author = {Sutton, Richard},
 title = {Reinforcement learning : an introduction},
 publisher = {The MIT Press},
 year = {2018},
 address = {Cambridge, Massachusetts London, England},
 isbn = {9780262039246}
 }

 @article{Weisz2018,
  doi = {10.1109/taslp.2018.2851664},
  url = {https://doi.org/10.1109/taslp.2018.2851664},
  year = {2018},
  month = nov,
  publisher = {Institute of Electrical and Electronics Engineers ({IEEE})},
  volume = {26},
  number = {11},
  pages = {2083--2097},
  author = {Gellert Weisz and Pawel Budzianowski and Pei-Hao Su and Milica Gasic},
  title = {Sample Efficient Deep Reinforcement Learning for Dialogue Systems With Large Action Spaces},
  journal = {{IEEE}/{ACM} Transactions on Audio,  Speech,  and Language Processing}
}

@article{Mnih2015,
  doi = {10.1038/nature14236},
  url = {https://doi.org/10.1038/nature14236},
  year = {2015},
  month = feb,
  publisher = {Springer Science and Business Media {LLC}},
  volume = {518},
  number = {7540},
  pages = {529--533},
  author = {Volodymyr Mnih and Koray Kavukcuoglu and David Silver and Andrei A. Rusu and Joel Veness and Marc G. Bellemare and Alex Graves and Martin Riedmiller and Andreas K. Fidjeland and Georg Ostrovski and Stig Petersen and Charles Beattie and Amir Sadik and Ioannis Antonoglou and Helen King and Dharshan Kumaran and Daan Wierstra and Shane Legg and Demis Hassabis},
  title = {Human-level control through deep reinforcement learning},
  journal = {Nature}
}

@article{Margossian2019,
  doi = {10.1002/widm.1305},
  url = {https://doi.org/10.1002/widm.1305},
  year = {2019},
  month = mar,
  publisher = {Wiley},
  volume = {9},
  number = {4},
  author = {Charles C. Margossian},
  title = {A review of automatic differentiation and its efficient implementation},
  journal = {{WIREs} Data Mining and Knowledge Discovery}
}
@misc{Jaehoon2017,
Author = {Jaehoon Lee and Yasaman Bahri and Roman Novak and Samuel S. Schoenholz and Jeffrey Pennington and Jascha Sohl-Dickstein},
Title = {Deep Neural Networks as Gaussian Processes},
Year = {2017},
Eprint = {arXiv:1711.00165},
}

@misc{Jaehoon2019,
Author = {Jaehoon Lee and Lechao Xiao and Samuel S. Schoenholz and Yasaman Bahri and Roman Novak and Jascha Sohl-Dickstein and Jeffrey Pennington},
Title = {Wide Neural Networks of Any Depth Evolve as Linear Models Under Gradient Descent},
Year = {2019},
Eprint = {arXiv:1902.06720},
}

@misc{Xiaoke2019,
Author = {Xiaoke Zhu and Taining Cheng and Qi Zhang and Ling Liu and Jing He and Shaowen Yao and Wei Zhou},
Title = {NN-sort: Neural Network based Data Distribution-aware Sorting},
Year = {2019},
Eprint = {arXiv:1907.08817},
}

@misc{Hessel2017,
Author = {Matteo Hessel and Joseph Modayil and Hado van Hasselt and Tom Schaul and Georg Ostrovski and Will Dabney and Dan Horgan and Bilal Piot and Mohammad Azar and David Silver},
Title = {Rainbow: Combining Improvements in Deep Reinforcement Learning},
Year = {2017},
Eprint = {arXiv:1710.02298},
}
@misc{Schaul2015,
Author = {Tom Schaul and John Quan and Ioannis Antonoglou and David Silver},
Title = {Prioritized Experience Replay},
Year = {2015},
Eprint = {arXiv:1511.05952},
}
@misc{Ziyu2015,
Author = {Ziyu Wang and Tom Schaul and Matteo Hessel and Hado van Hasselt and Marc Lanctot and Nando de Freitas},
Title = {Dueling Network Architectures for Deep Reinforcement Learning},
Year = {2015},
Eprint = {arXiv:1511.06581},
}

@misc{Hasselt2015,
Author = {Hado van Hasselt and Arthur Guez and David Silver},
Title = {Deep Reinforcement Learning with Double Q-learning},
Year = {2015},
Eprint = {arXiv:1509.06461},
}

@misc{Bellemare2017,
Author = {Marc G. Bellemare and Will Dabney and Rémi Munos},
Title = {A Distributional Perspective on Reinforcement Learning},
Year = {2017},
Eprint = {arXiv:1707.06887},
}

@misc{Dabney2017,
Author = {Will Dabney and Mark Rowland and Marc G. Bellemare and Rémi Munos},
Title = {Distributional Reinforcement Learning with Quantile Regression},
Year = {2017},
Eprint = {arXiv:1710.10044},
}

@InProceedings{Yang2018,
  title = 	 {Mean Field Multi-Agent Reinforcement Learning},
  author = 	 {Yang, Yaodong and Luo, Rui and Li, Minne and Zhou, Ming and Zhang, Weinan and Wang, Jun},
  booktitle = 	 {Proceedings of the 35th International Conference on Machine Learning},
  pages = 	 {5567--5576},
  year = 	 {2018},
  editor = 	 {Dy, Jennifer and Krause, Andreas},
  volume = 	 {80},
  series = 	 {Proceedings of Machine Learning Research},
  address = 	 {Stockholmsmässan, Stockholm Sweden},
  month = 	 {10--15 Jul},
  publisher = 	 {PMLR}
}

@article{Mguni2018,
author = {Mguni, David and Jennings, Joel and Munoz de Cote, Enrique},
year = {2018},
month = {03},
pages = {},
title = {Decentralised Learning in Systems with Many, Many Strategic Agents}
}

@inproceedings{Sriram2020,
    title={Multi Type Mean Field Reinforcement Learning},
    author={Sriram Ganapathi Subramanian and Pascal Poupart and Matthew E. Taylor and Nidhi Hegde},
    year={2020},
    address={Auckland, New Zealand},
    booktitle = {Proc. of the 19th International Conference on Autonomous Agents and Multiagent Systems (AAMAS 2020)}
}

@misc{Xueguang2018,
Author = {Xueguang Lyu and Christopher Amato},
Title = {Likelihood Quantile Networks for Coordinating Multi-Agent Reinforcement Learning},
Year = {2018},
Eprint = {arXiv:1812.06319},
}

@Book{shoham2009multiagent,
 author = {Shoham, Yoav},
 title = {Multiagent systems : algorithmic, game-theoretic, and logical foundations},
 publisher = {Cambridge University Press},
 year = {2009},
 address = {Cambridge New York},
 isbn = {978-0521899437}
 }

 @article{Hu2003,
author = {Hu, Junling and Wellman, Michael},
year = {2003},
month = {01},
pages = {1039-1069},
title = {Nash Q-Learning for General-Sum Stochastic Games.},
volume = {4},
journal = {Journal of Machine Learning Research},
doi = {10.1162/1532443041827880}
}

@article{Lasry2007,
author = {Lasry, Jean-Michel and Lions, Pierre-Louis},
year = {2007},
month = {03},
pages = {229-260},
title = {Mean Field Games},
volume = {2},
journal = {Japanese Journal of Mathematics},
doi = {10.1007/s11537-007-0657-8}
}
@article{Blume1993,
  doi = {10.1006/game.1993.1023},
  url = {https://doi.org/10.1006/game.1993.1023},
  year = {1993},
  month = jul,
  publisher = {Elsevier {BV}},
  volume = {5},
  number = {3},
  pages = {387--424},
  author = {Lawrence E. Blume},
  title = {The Statistical Mechanics of Strategic Interaction},
  journal = {Games and Economic Behavior}
}

@inproceedings{Devlin2014,
author = {Devlin, Sam and Yliniemi, Logan and Kudenko, Daniel and Tumer, Kagan},
title = {Potential-Based Difference Rewards for Multiagent Reinforcement Learning},
year = {2014},
isbn = {9781450327381},
publisher = {International Foundation for Autonomous Agents and Multiagent Systems},
address = {Richland, SC},
booktitle = {Proceedings of the 2014 International Conference on Autonomous Agents and Multi-Agent Systems},
pages = {165–172},
numpages = {8},
keywords = {multiagent reinforcement learning, reward shaping},
location = {Paris, France},
series = {AAMAS ’14}
}

@article{Stauffer2015,
  doi = {10.1016/j.cub.2015.09.057},
  url = {https://doi.org/10.1016/j.cub.2015.09.057},
  year = {2015},
  month = nov,
  publisher = {Elsevier {BV}},
  volume = {25},
  number = {22},
  pages = {R1081--R1084},
  author = {William~R. Stauffer},
  title = {Systems Neuroscience: Shaping the Reward Prediction Error Signal},
  journal = {Current Biology}
}

  

@incollection{Cymerman2008,
  doi = {10.1007/978-3-540-74268-5_1},
  url = {https://doi.org/10.1007/978-3-540-74268-5_1},
  year = {2008},
  publisher = {Springer Berlin Heidelberg},
  pages = {1--21},
  author = {Iwona A. Cymerman and Marcin Feder and Marcin Paw{\L}owski and Michal A. Kurowski and Janusz M. Bujnicki},
  title = {Computational Methods for Protein Structure Prediction and Fold Recognition},
  booktitle = {Practical Bioinformatics}
}

@book{Conway1988,
  doi = {10.1007/978-1-4757-2016-7},
  url = {https://doi.org/10.1007/978-1-4757-2016-7},
  year = {1988},
  publisher = {Springer New York},
  author = {J. H. Conway and N. J. A. Sloane},
  title = {Sphere Packings,  Lattices and Groups}
}